<marcxml:record xmlns:marcxml="http://www.loc.gov/MARC21/slim" xmlns:mets="http://www.loc.gov/METS/" xmlns:bf="http://id.loc.gov/ontologies/bibframe/" xmlns:bflc="http://id.loc.gov/ontologies/bflc/" xmlns:madsrdf="http://www.loc.gov/mads/rdf/v1#" xmlns:rdf="http://www.w3.org/1999/02/22-rdf-syntax-ns#" xmlns:ri="http://id.loc.gov/ontologies/RecordInfo#" xmlns:idx="info:lc/xq-modules/lcindex" xmlns:semtriples="http://marklogic.com/semantic" xmlns:xsi="http://www.w3.org/2001/XMLSchema-instance" xmlns:xlink="http://www.w3.org/1999/xlink" xmlns:streams="info:lc/streams#">
  <marcxml:leader>01089cam a2200277 a 4500</marcxml:leader>
  <marcxml:controlfield tag="001">1561444</marcxml:controlfield>
  <marcxml:controlfield tag="005">19980721153430.2</marcxml:controlfield>
  <marcxml:controlfield tag="008">921008r1993    enka          001 0 eng  </marcxml:controlfield>
  <marcxml:datafield tag="035" ind1=" " ind2=" ">
    <marcxml:subfield code="9">(DLC)   92037404</marcxml:subfield>
  </marcxml:datafield>
  <marcxml:datafield tag="906" ind1=" " ind2=" ">
    <marcxml:subfield code="a">7</marcxml:subfield>
    <marcxml:subfield code="b">cbc</marcxml:subfield>
    <marcxml:subfield code="c">orignew</marcxml:subfield>
    <marcxml:subfield code="d">1</marcxml:subfield>
    <marcxml:subfield code="e">ocip</marcxml:subfield>
    <marcxml:subfield code="f">19</marcxml:subfield>
    <marcxml:subfield code="g">y-gencatlg</marcxml:subfield>
  </marcxml:datafield>
  <marcxml:datafield tag="955" ind1=" " ind2=" ">
    <marcxml:subfield code="a">pc20 to ja00 10-08-92; jk15 to subj. 10-09-92; jk21 10-09-92; jh48 10-13-92; jk14 to DDC 10-15-92; aa13 10-15-92; CIP ver. pv08 11-10-93</marcxml:subfield>
  </marcxml:datafield>
  <marcxml:datafield tag="010" ind1=" " ind2=" ">
    <marcxml:subfield code="a">   92037404 </marcxml:subfield>
  </marcxml:datafield>
  <marcxml:datafield tag="020" ind1=" " ind2=" ">
    <marcxml:subfield code="a">1564582744 :</marcxml:subfield>
    <marcxml:subfield code="c">$16.95</marcxml:subfield>
  </marcxml:datafield>
  <marcxml:datafield tag="040" ind1=" " ind2=" ">
    <marcxml:subfield code="a">DLC</marcxml:subfield>
    <marcxml:subfield code="c">DLC</marcxml:subfield>
    <marcxml:subfield code="d">DLC</marcxml:subfield>
  </marcxml:datafield>
  <marcxml:datafield tag="050" ind1="0" ind2="0">
    <marcxml:subfield code="a">ND2420</marcxml:subfield>
    <marcxml:subfield code="b">.S587 1993</marcxml:subfield>
  </marcxml:datafield>
  <marcxml:datafield tag="082" ind1="0" ind2="0">
    <marcxml:subfield code="a">751.42/2</marcxml:subfield>
    <marcxml:subfield code="2">20</marcxml:subfield>
  </marcxml:datafield>
  <marcxml:datafield tag="100" ind1="1" ind2=" ">
    <marcxml:subfield code="a">Smith, Ray,</marcxml:subfield>
    <marcxml:subfield code="d">1949-</marcxml:subfield>
  </marcxml:datafield>
  <marcxml:datafield tag="245" ind1="1" ind2="3">
    <marcxml:subfield code="a">An introduction to watercolor /</marcxml:subfield>
    <marcxml:subfield code="c">Ray Smith.</marcxml:subfield>
  </marcxml:datafield>
  <marcxml:datafield tag="250" ind1=" " ind2=" ">
    <marcxml:subfield code="a">1st American ed.</marcxml:subfield>
  </marcxml:datafield>
  <marcxml:datafield tag="260" ind1=" " ind2=" ">
    <marcxml:subfield code="a">London ;</marcxml:subfield>
    <marcxml:subfield code="a">New York :</marcxml:subfield>
    <marcxml:subfield code="b">Dorling Kindersley in association with Royal Academy of Arts ;</marcxml:subfield>
    <marcxml:subfield code="a">Boston :</marcxml:subfield>
    <marcxml:subfield code="b">Distributed by Houghton Mifflin Co.,</marcxml:subfield>
    <marcxml:subfield code="c">1993.</marcxml:subfield>
  </marcxml:datafield>
  <marcxml:datafield tag="300" ind1=" " ind2=" ">
    <marcxml:subfield code="a">72 p. :</marcxml:subfield>
    <marcxml:subfield code="b">col. ill. ;</marcxml:subfield>
    <marcxml:subfield code="c">29 cm.</marcxml:subfield>
  </marcxml:datafield>
  <marcxml:datafield tag="440" ind1=" " ind2="4">
    <marcxml:subfield code="a">The DK art school</marcxml:subfield>
  </marcxml:datafield>
  <marcxml:datafield tag="500" ind1=" " ind2=" ">
    <marcxml:subfield code="a">Includes index.</marcxml:subfield>
  </marcxml:datafield>
  <marcxml:datafield tag="650" ind1=" " ind2="0">
    <marcxml:subfield code="a">Watercolor painting</marcxml:subfield>
    <marcxml:subfield code="x">Technique.</marcxml:subfield>
  </marcxml:datafield>
  <marcxml:datafield tag="710" ind1="2" ind2=" ">
    <marcxml:subfield code="a">Royal Academy of Arts (Great Britain)</marcxml:subfield>
  </marcxml:datafield>
  <marcxml:datafield tag="991" ind1=" " ind2=" ">
    <marcxml:subfield code="b">c-GenColl</marcxml:subfield>
    <marcxml:subfield code="h">ND2420</marcxml:subfield>
    <marcxml:subfield code="i">.S587 1993</marcxml:subfield>
    <marcxml:subfield code="t">Copy 1</marcxml:subfield>
    <marcxml:subfield code="w">BOOKS</marcxml:subfield>
  </marcxml:datafield>
</marcxml:record>
